% !TeX spellcheck = ru_RU
