% !TeX spellcheck = ru_RU

%TODO Отредактировать ссылки. url указать сносками

@inproceedings{adaptiveBFS,
title={Topologically adaptive parallel breadth-first search on multicore processors},
author={Xia, Yinglong and Prasanna, Viktor K},
year={2009},
}

@inproceedings{scalableBFS,
title={Scalable Graph Exploration on Multicore Processors}, 
author={Agarwal, Virat and Petrini, Fabrizio and Pasetto, Davide and Bader, David A.},
year={2010},
}

@inproceedings{1837289,
title = {An Effective GPU Implementation of Breadth-First Search},
author = {Luo, Lijuan and Wong, Martin and Hwu, Wen-mei},
year = {2010},
}

@inproceedings{5608727,
  author={Kurant, Maciej and Markopoulou, Athina and Thiran, Patrick},
  booktitle={2010 22nd International Teletraffic Congress (lTC 22)}, 
  title={On the bias of BFS (Breadth First Search)}, 
  year={2010},
}

@inproceedings{yoo2005scalable,
  title={A scalable distributed parallel breadth-first search algorithm on BlueGene},
  author={Yoo, Andy and Chow, Edmond and Henderson, Keith and McLendon, William and Hendrickson, Bruce and Catalyurek, Umit},
  year={2005},
}

%TODO Указать ссылку сноской и citation на статью
@online{matrixData,
    title       = "T. Davis. The SuiteSparse Matrix Collection (the University of Florida Sparse Matrix Collection)",
    year       = 2020,
    url        = {https://sparse.tamu.edu},
    urldate    = "15.05.2023",
    language   = "english"
}

@online{graphBlas,
    title      = "GraphBLAS Graph Linear Algebra API",
    year       = 2020,
    url        = {https://graphblas.github.io/},
    urldate    = "15.05.2023",
    language   = "english"
}

@misc{benchTool,
    title      = "BenchmarkDotNet",
    url        = {https://benchmarkdotnet.org/},
    note    = {0.13.4},
    urldate    = "15.05.2023",
    language   = "english"
}